@article{bishop1975there,
  title={There is more than one way to frame a curve},
  author={Bishop, Richard L},
  journal={The American Mathematical Monthly},
  volume={82},
  number={3},
  pages={246--251},
  year={1975},
  publisher={JSTOR}
}

